% This file was created with JabRef 2.7b.
% Encoding: UTF-8

@ARTICLE{damianou2011variational,
  author = {Damianou, A.C. and Titsias, M.K. and Lawrence, N.D.},
  title = {Variational Gaussian Process Dynamical Systems},
  journal = {Arxiv preprint arXiv:1107.4985},
  year = {2011},
  owner = {maxz},
  timestamp = {2012.04.05}
}

@ARTICLE{opper2009variational,
  author = {Opper, M. and Archambeau, C.},
  title = {The variational Gaussian approximation revisited},
  journal = {Neural Computation},
  year = {2009},
  volume = {21},
  pages = {786--792},
  number = {3},
  owner = {maxz},
  publisher = {MIT Press},
  timestamp = {2012.04.05}
}

@ARTICLE{titsias2010bayesian,
  author = {Titsias, M. and Lawrence, N.},
  title = {Bayesian Gaussian process latent variable model},
  year = {2010},
  owner = {maxz},
  timestamp = {2012.04.05}
}

@comment{jabref-meta: selector_publisher:}

@comment{jabref-meta: selector_author:}

@comment{jabref-meta: selector_journal:}

@comment{jabref-meta: selector_keywords:}

